@Book{sedgewick-algorithms-in-c,
  author =	 {Robert Sedgewick},
  ALTeditor = 	 {},
  title = 	 {Algorithms in C},
  publisher = 	 {Addison-Wesley},
  year = 	 {1990},
  OPTkey = 	 {},
  OPTvolume = 	 {},
  OPTnumber = 	 {},
  OPTseries = 	 {},
  OPTaddress = 	 {},
  OPTedition = 	 {},
  OPTmonth = 	 {},
  note =	 {ISBN 0-201-51425-7},
  OPTannote = 	 {}
}

@Book{understanding-the-new-sql,
  author =       {Jim Melton and Alan R. Simon},
  ALTeditor =    {},
  title =        {Understanding the New SQL:  A Complete Guide},
  publisher =    {Morgan Kaufmann Publishers},
  year =         {1997},
  OPTkey =       {},
  OPTvolume =    {},
  number =       {ISBN 1-55860-245-3},
  series =       {},
  address =      {San Francisco, California},
  OPTedition =   {},
  OPTmonth =     {},
  note =         {A good introduction and reference to SQL-92.
                  Defines the requirements for the various levels of
                  SQL 92 compliancy .},
  OPTannote =    {}
}

@InBook{applied-cryptography,
  ALTauthor =    {Bruce Schneier},
  ALTeditor =    {},
  title =        {Applied Cryptography},
  publisher =    {John Wiley \& Sons, Inc.},
  year =         {1996},
  pages =        {436-441},
  OPTkey =       {},
  volume =	 {ISBN 0-471-11709-9},
  OPTnumber =    {},
  OPTseries =    {},
  OPTaddress =   {},
  OPTedition =   {},
  OPTmonth =     {},
  note =         {Numerous cryptographic algorithms with source code.  Explains},
  OPTannote =    {}
}

@Book{the-latex-graphics-companion,
  author =	 {Michel Goosens and Sebastian Rahtz and Frank Mittelbach},
  ALTeditor = 	 {},
  title = 	 {The {\LaTeX} graphics companion - Illustrating Documents with {\TeX} and PostScript},
  publisher = 	 {Addison-Wesley},
  year = 	 {1997},
  OPTkey = 	 {},
  OPTvolume = 	 {},
  OPTnumber = 	 {},
  OPTseries = 	 {},
  OPTaddress = 	 {},
  OPTedition = 	 {},
  OPTmonth = 	 {},
  note =	 {Describes in great detail the intricacies of embedding graphics in LaTeX documents.},
  OPTannote = 	 {}
}

@Misc{greenspun-sql,
  OPTkey = 	 {},
  author =	 {Phil Greenspun},
  title =	 {SQL for Web nerds},
  howpublished = {http://photo.net/sql/},
  OPTmonth = 	 {},
  year =	 {1998},
  note =	 {Excellent introductory text to SQL.},
  OPTannote = 	 {}
}

@Misc{a-relational-model-of-data-for-large-shared-databanks,
  OPTkey = 	 {},
  author =	 {E.F. Codd},
  title =	 {A Relational Model of Data for Large Shared Data Banks},
  howpublished = {http://www.acm.org/classics/nov95/},
  OPTmonth = 	 {},
  year =	 {1970},
  note =	 {The paper that described relational databases mathematically.  The history is explained in http://www-4.ibm.com/software/data/pubs/papers/bontempo/},
  OPTannote = 	 {}
}



@Book{a-guide-to-latex,
  author =	 {Helmut Kopka and Patrick W. Daly},
  ALTeditor = 	 {},
  title = 	 {A guide to {\LaTeX}},
  publisher = 	 {Addison-Wesley},
  year = 	 {1999},
  OPTkey = 	 {},
  volume =	 {ISBN: 0-201-39825-7},
  OPTnumber = 	 {},
  OPTseries = 	 {},
  OPTaddress = 	 {},
  OPTedition = 	 {},
  OPTmonth = 	 {},
  note =	 {An excellent book for the {\LaTeX} author.  I have used it a lot.},
  OPTannote = 	 {}
}

@Misc{mez-waco,
  OPTkey = 	 {},
  author =	 {Martin Damsbo},
  title =	 {Web Access Course Organizer},
  howpublished = {http://www.mip.sdu.dk/~mez/waco},
  OPTmonth = 	 {},
  year =	 {1999},
  note =	 {MIP Intranet},
  OPTannote = 	 {}
}

